@article{PhysRevLett.115.095001,
  title = {Self-Organizing Knotted Magnetic Structures in Plasma},
  author = {Smiet, C. B. and Candelaresi, S. and Thompson, A. and Swearngin, J. and Dalhuisen, J. W. and Bouwmeester, D.},
  journal = {Phys. Rev. Lett.},
  volume = {115},
  issue = {9},
  pages = {095001},
  numpages = {5},
  year = {2015},
  month = {Aug},
  publisher = {American Physical Society},
  doi = {10.1103/PhysRevLett.115.095001},
  url = {http://link.aps.org/doi/10.1103/PhysRevLett.115.095001}
}

